
@article{bredeche11evolutionaryadaptationpopulationrobots,
	author = "Bredeche, Nicolas and Montanier, Jean-Marc and Carrignon, Simon",
	journal = "Newsletter of the Autonomous Mental Development Technical Committee",
	number = "2",
	pages = "8--9",
	title = "{Evolutionary adaptation of a population of robots: benefits and issues of the evo-devo approach. An answer to Y. Jin and Y. Meng: \emph{Evolutionary Developmental Robotics -- The Next Step to Go},}",
	volume = "8",
	year = "2011"
}

@inproceedings{gaudiello2010representations,
	author = "Gaudiello, Ilaria and Zibetti, Elisabetta and Carrignon, Simon",
	booktitle = "{Workshop Proceedings of Intl. Conf. on Simulation, Modeling and Programming for Autonomous Robots (SIMPAR 2010)}",
	pages = "484--493",
	title = "{Representations to go: learning robotics, learning by robotics}",
	year = "2010"
}
@inproceedings{carrignon2013whyapply,
	author = "Carrignon, Simon",
	booktitle = "poster at: 3-Day International Conference on Evolutionary Patterns, Calouste Gulbenkian Foundation, Lisbon, Portugal",
	title= "Why apply evolutionary theory to melodies",
	year = "2013"
}
