

@book{sartre1984ser,
  title={{El ser y la nada}},
  author={Sartre, J.P. and Valmar, J.},
  year={1984},
  publisher={Alianza Editorial}
}

@book{nietzche1992así,
  title={{As{\'\i} Habl{\'o} Zarathustra}},
  author={Nietzche, F.},
  publisher={Editorial Planeta--De Agostini, Espa{\~n}a},
  year={1992}
}

@book{lamport1986latex, 
title={{LaTEX: User's Guide \& Reference Manual}}, 
author={Lamport, L.}, 
year={1986}, 
publisher={Addison-Wesley Reading, MA} 
}


@book{RefWorks:8,
	author={Francis Borceux},
	year={1989},
	title={LaTeX : la perfection dans le traitement de texte},
	publisher={Ciaco},
	address={Louvain-La-Neuve},
	pages={183},
	note={Francis Borceux; Apï¿½ndix. ï¿½ndex. Referï¿½ncies bibliogrï¿½fiques; Pratique de l'informatique},
	keywords={LaTeX (Sistema informï¿½tic)},
	isbn={2870851944}
}

@book{RefWorks:3,
	author={David J. Buerger},
	year={1990},
	title={LATEX for scientists and engineers},
	address={New York N.Y. etc.,McGraw-Hill},
	pages={198},
	note={David J. Buerger; Tï¿½tol a la coberta: LATEX for engineers & scientists; Notes. Glossari. Bibliografia. ï¿½ndex; LaTex (Sistema d'ordinador); LATEX for engineers & scientists; Computing that works},
	keywords={Informï¿½tica; Latex (Programes d'ordinador); Impremta},
	isbn={0070088454}
}

@book{RefWorks:12,
	author={Bernardo Cascales Salinas},
	year={2000},
	title={LaTeX : una imprenta en sus manos},
	publisher={Aula Documental de Investigaciï¿½n},
	address={Madrid},
	pages={680},
	note={Bernardo Cascales Salinas ... [et al.]; Bibliografia p. [675]-680. ï¿½ndex},
	keywords={LaTex (Sistema d'ordinador); Composiciï¿½ tipogrï¿½fica automatitzada; Impremta; Informï¿½tica},
	isbn={8492038195}
}

@book{RefWorks:9,
	author={Antoni Diller},
	year={1993},
	title={LATEX line by line : tips and techniques for document processing},
	publisher={John Wiley & Sons},
	address={Chichester etc.},
	pages={291},
	note={Antoni Diller; Reimpressions: 1994; Bibliografia; ï¿½ndex; Wiley professional computing},
	keywords={LaTex (Sistema d'ordinador); Latex (Programes d'ordinador)},
	isbn={0471934712}
}

@book{latexgrafcom,
	author={Michel Goossens},
	year={2008},
	title={The LaTeX graphics companion},
	publisher={Addison-Wesley},
	address={Upper Saddle River, N.J. etc.},
	pages={925},
	note={Michel Goossens ... [et al.]; Bibliografia i ï¿½ndex; Addison-Wesley series on tools and techniques for computer typesetting},
	keywords={LaTex (Sistema d'ordinador); Composiciï¿½ tipogrï¿½fica automatitzada; PostScript (Llenguatge de programaciï¿½); Ilï¿½lustraciï¿½ cientï¿½fica; Programes d'ordinador; Textos matemï¿½tics Processament},
	isbn={9780321508928; 0321508920}
}

@book{latdxcom,
	author={Michel Goossens and S. P. Q. Rahtz and Eitan Gurari and Ross Moore and Robert S. Sutor},
	year={2007},
	title={The LaTex Web companion : integrating TeX, HTML, and XML},
	publisher={Addison Wesley Longman},
	address={Reading, Mass.},
	pages={524},
	note={Michel Goossens, Sebastian Rahtz ; with Eitan M. Gurari, Ross Moore, and Robert S. Sutor; Bibliografia: p. [513]-516. ï¿½ndex; Addison-Wesley series on tools and techniques for computer typesetting},
	keywords={LaTeX (Sistema informï¿½tic); LaTex (Sistema d'ordinador); HTML (Llenguatge de marques); XML (Llenguatge de programaciï¿½)},
	isbn={0201433117; 9780201433111}
}

@book{latexevery,
	author={Jane Hahn},
	year={1993},
	title={LATEX for everyone : a reference guide and tutorial for typesetting documents using a computer},
	publisher={Prentice Hall},
	address={Englewood Cliffs},
	pages={346},
	note={Jane Hahn},
	keywords={LaTeX (Sistema informï¿½tic); Composiciï¿½ tipogrï¿½fica automatitzada; Impremta; Composiciï¿½ automï¿½tica},
	isbn={0136059082}
}

@book{latexcon,
	author={Adrian Johnstone},
	year={1992},
	title={LaTeX, concisely},
	publisher={Ellis Horwood},
	address={New York etc.},
	pages={170},
	note={Adrian Johnstone; Bibliografia; Ellis Horwood series in computers and their applications},
	keywords={LaTex (Sistema d'ordinador)},
	isbn={0135245397}
}

@book{latexlamport,
	author={Leslie Lamport},
	year={1994},
	title={Latex: a document preparation system: user's guide and reference manual},
	publisher={Addison Wesley},
	address={Reading etc.},
	pages={272},
	note={Leslie Lamport ; illustrations by Duane Bibby; Reimpressions: 1997, 1999, 2001, 2002, 2003; Bibliografia; ï¿½ndex; LaTex (Sistema d'ordinador)},
	keywords={LaTex (Sistema d'ordinador); Composiciï¿½ tipogrï¿½fica automatitzada; Latex (Programes d'ordinador); LaTeX 2 (Programes d'ordinador); Impremta; Informï¿½tica},
	isbn={0201529831; 9780201529838}
}

@book{latexprimpas,
	author={Francisco Ortegï¿½n Gallego},
	year={1992},
	title={Latex : primeros pasos : versiï¿½n 2.09},
	publisher={Masson},
	address={Barcelona etc.},
	pages={168},
	note={Francisco Ortegï¿½n Gallego; Bibliografia. ï¿½ndex; Manuales de informï¿½tica Masson},
	keywords={Latex (Programes d'ordinador); LaTeX (Sistema informï¿½tic); LaTex (Sistema d'ordinador)},
	isbn={8431106492}
}

@book{RefWorks:7,
	author={Christian Rolland},
	year={1995},
	title={Latex guide pratique},
	publisher={Addison-Wesley France},
	address={Paris ; Madrid etc.},
	pages={345},
	note={Christian Rolland; A la coberta: "Version 2[epsilon]"},
	keywords={LaTex (Sistema d'ordinador); Impremta; Informï¿½tica},
	isbn={2879081041}
}

@book{RefWorks:5,
	author={Bernice Sacks Lipkin},
	year={1999},
	title={Latex for linux : a vade mecum},
	publisher={Springer},
	address={Berlin etc.},
	pages={568},
	note={Bernice Sacks Lipkin; Bibliografia p. 525-532. ï¿½ndex},
	keywords={Latex (Programes d'ordinador)},
	isbn={0387987088}
}

@book{RefWorks:10,
	author={J. Kenneth Shultis},
	year={1994},
	title={LaTeX notes : practical tips for preparing technical documents},
	publisher={PTR Prentice Hall},
	address={Englewood Cliffs, N.J.},
	pages={180},
	note={J. Kenneth Shultis; Inclou referï¿½ncies bibliogrï¿½fiques. ï¿½ndex},
	keywords={Latex (Programes d'ordinador); Matemï¿½tica; Processament de dades},
	isbn={0131209736}
}


@book{schopenhauer2005arte,
  title={{El arte de insultar}},
  author={Schopenhauer, A. and Volpi, F. and Morales Garc{\'\i}a, F.},
  year={2005},
  publisher={Alianza Editorial}
}

