
@article{bredeche11evolutionaryadaptationpopulationrobots,
	author = "Bredeche, Nicolas and Montanier, Jean-Marc and Carrignon, Simon",
	journal = "Newsletter of the Autonomous Mental Development Technical Committee",
	number = "2",
	pages = "8--9",
	title = "{Evolutionary adaptation of a population of robots: benefits and issues of the evo-devo approach. An answer to Y. Jin and Y. Meng: \emph{Evolutionary Developmental Robotics -- The Next Step to Go},}",
	volume = "8",
	year = "2011"
}

@inproceedings{gaudiello2010representations,
	author = "Gaudiello, Ilaria and Zibetti, Elisabetta and Carrignon, Simon",
	booktitle = "{Workshop Proceedings of Intl. Conf. on Simulation, Modeling and Programming for Autonomous Robots (SIMPAR 2010)}",
	pages = "484--493",
	title = "{Representations to go: learning robotics, learning by robotics}",
	year = "2010"
}
@inproceedings{carrignon2013whyapply,
	author = "Carrignon, Simon",
	booktitle = "poster at: 3-Day International Conference on Evolutionary Patterns, Calouste Gulbenkian Foundation, Lisbon, Portugal",
	title= "Why apply evolutionary theory to melodies",
	year = "2013"
}

@inproceedings{medernach2015evolutionary,
	title={Evolutionary Progress in Heterogenous Cellular Automata (HetCA)},
	author={Medernach, David and Fitzgerald, Jeannie and Carrignon, Simon and Ryan, Conor},
	booktitle={Proceedings of the European Conference on Artificial Life 2015},
	pages={512–519},
	year={2015},
	organization={MIT Press}
}

@article{zibetti2015agentbasedmodelsresourcesharingenvironmentalpressuresindividualdecisionmakingglobalwelfare,
	year={2015},
	author = "Zibetti, Elisabetta and Carrignon, Simon and Bredeche, Nicolas",
	doi = "10.1007/s11299-015-0173-0",
	issn = "1593-7879",
	journal = "Mind \& Society",
	keywords = "Agent-based models; Resource sharing; Environmental pressures; Individual decision making; Global welfare",
	language = "English",
	pages = "1–22",
	publisher = "Springer Berlin Heidelberg",
	title = "{ACACIA-ES: an agent-based modeling and simulation tool for investigating social behaviors in resource-limited two-dimensional environments}",
	url = "http://dx.doi.org/10.1007/s11299-015-0173-0"
}


